% https://verbosus.com/bibtex-style-examples.html


@book{Mechatronics,
  title={Mechatronic systems design: methods, models, concepts},
  author={Janschek, Klaus},
  year={2011},
  publisher={Springer Science \& Business Media}
}

@book{boyd2004convex,
  title={Convex optimization},
  author={Boyd, Stephen and Vandenberghe, Lieven},
  year={2004},
  publisher={Cambridge university press}
}

@article{roos2007towards,
  title={Towards a methodology for integrated design of mechatronic servo systems},
  author={Roos, Fredrik},
  year={2007},
  publisher={KTH}
}

@inproceedings{Cedex2014,
address = {Toulouse, France},
author = {{Didier Casner, R\'{e}my Houssin, Jean Renaud}, Dominique Knittel},
booktitle = {CONTRIBUTION TO THE EMBODIMENT DESIGN OF MECHATRONIC SYSTEM BY EVOLUTIONARY OPTIMIZATION APPROACHES},
file = {:home/alexander/Documents/ResearchProject/Literature/CONTRIBUTION TO THE EMBODIMENT DESIGN OF MECHATRONIC SYSTEM BY EVOLUTIONARY OPTIMIZATION APPROACHES.pdf:pdf},
keywords = {design,mechatronic systems,optimization,optimization-integrated design},
pages = {1--7},
title = {{Contribution to the embodiment design of mechatronic system by evolutionary optimization approaches}},
year = {2014}
}
@inproceedings{Paper2014,
author = {Hammadi, Moncef and Choley, Jean-yves and Hehenberger, Peter},
file = {:home/alexander/Documents/ResearchProject/Literature/Mechatronic Design Optimization using Multi-agent Approach.pdf:pdf},
number = {JUNE},
title = {{Mechatronic design optimization using multi- agent approach}},
year = {2014}
}
@article{Behbahani2014,

author = {Behbahani, Saeed and {De Silva}, Clarence W.},
doi = {10.1109/TMECH.2012.2230013},
file = {:home/alexander/Documents/ResearchProject/Literature/Niching Genetic Scheme With Bond Graphs for Topology and Parameter Optimization of a Mechatronic System
.pdf:pdf},
isbn = {8415683111},
issn = {10834435},
journal = {IEEE/ASME Transactions on Mechatronics},
keywords = {Bond graphs (BGs),car suspension,genetic algorithms (GAs),genetic programming (GP),niching genetic schemes,skyhook},
number = {1},
pages = {269--277},
title = {{Niching genetic scheme with bond graphs for topology and parameter optimization of a mechatronic system}},
volume = {19},
year = {2014}
}
@article{Guizani2014,
author = {Guizani, Amir and Hammadi, Moncef and Choley, Jean-yves and Soriano, Thierry and Abbes, Mohamed Slim and Haddar, Mohamed},
doi = {10.1109/AIM.2014.6878046},
file = {:home/alexander/Downloads/Multidisciplinary approach 
for
o
ptimizing mechatronic systems$\backslash$: 
Application to the optimal design of an electric vehic.pdf:pdf},
isbn = {9781479957354},
title = {{Multidisciplinary approach for optimizing mechatronic systems : Application to the optimal design of an electric vehicle}},
year = {2014}
}
@article{Behbahani2013,
author = {Behbahani, Saeed and {De Silva}, Clarence W.},
doi = {10.1109/TMECH.2011.2165958},
file = {:home/alexander/Downloads/Mechatronic Design Evolution Using Bond Graphs and Hybrid Genetic Algorithm With Genetic Programming .pdf:pdf},
isbn = {8415683111},
issn = {10834435},
journal = {IEEE/ASME Transactions on Mechatronics},
keywords = {Bond graphs,electrohydraulic systems,genetic algorithms,genetic programming},
number = {1},
pages = {190--199},
title = {{Mechatronic design evolution using bond graphs and hybrid genetic algorithm with genetic programming}},
volume = {18},
year = {2013}
}
@article{Ferreira2012,
author = {Ferreira, Ivo M.L. and Gil, Paulo J.S.},
doi = {10.1016/j.eswa.2012.01.045},
file = {:home/alexander/Documents/ResearchProject/Literature/Application and performance analysis of neural networks for decision support
in conceptual design.pdf:pdf},
issn = {09574174},
journal = {Expert Systems with Applications},
number = {9},
pages = {7701--7708},
publisher = {Elsevier Ltd},
title = {{Application and performance analysis of neural networks for decision support in conceptual design}},
url = {http://dx.doi.org/10.1016/j.eswa.2012.01.045},
volume = {39},
year = {2012}
}
@article{Hammadi2012,
author = {Hammadi, M. and Choley, J. Y. and Penas, O. and Riviere, a. and Louati, J. and Haddar, M.},
doi = {10.1109/MECATRONICS.2012.6451041},
file = {:home/alexander/Downloads/A new multi-criteria indicator for mechatronic system performance evaluation in preliminary design level.pdf:pdf},
isbn = {9781467347716},
journal = {2012 9th France-Japan and 7th Europe-Asia Congress on Mechatronics, MECATRONICS 2012 / 13th International Workshop on Research and Education in Mechatronics, REM 2012},
keywords = {design evaluation,mechatronic system performance,multi-criteria indicator},
pages = {409--416},
title = {{A new multi-criteria indicator for mechatronic system performance evaluation in preliminary design level}},
year = {2012}
}
@article{Younis2012,
author = {Younis, Adel and Dong, Zuomin},
doi = {10.1109/MESA.2012.6275565},
file = {:home/alexander/Downloads/Metamodel multi-objective optimization tool for mechatronic system design.pdf:pdf},
isbn = {978-1-4673-2349-9},
journal = {Proceedings of 2012 IEEE/ASME 8th IEEE/ASME International Conference on Mechatronic and Embedded Systems and Applications},
keywords = {AMOP technique,Algorithm design and analysis,Analytical models,Approximation methods,CFD,Computational modeling,FEA,Kriging,Linear programming,Pareto front,Pareto optimisation,Pareto optimization,approximation model,approximation models,approximation theory,black-box functions evaluation,computation cost,computational fluid dynamics,design engineering,finite element analysis,fitness evaluation,global optimization search technique,mechatronic system design,mechatronics,metamodel multiobjective optimization tool,multiobjective optimization,multiphysics modeling,multiphysics simulation,radial basis function,response surface function,search problems},
pages = {218--223},
title = {{Metamodel multi-objective optimization tool for mechatronic system design}},
url = {http://ieeexplore.ieee.org/lpdocs/epic03/wrapper.htm?arnumber=6275565},
year = {2012}
}
@article{Albers2010,
author = {Albers, Albert and Ottnad, Jens},
doi = {10.1115/1.4001380},
file = {:home/alexander/Downloads/Integrated Structural and Controller Optimization in Dynamic Mechatronic Systems.pdf:pdf},
issn = {10500472},
journal = {Journal of Mechanical Design},
number = {4},
pages = {041008},
title = {{Integrated Structural and Controller Optimization in Dynamic Mechatronic Systems}},
url = {http://mechanicaldesign.asmedigitalcollection.asme.org/article.aspx?articleid=1450018},
volume = {132},
year = {2010}
}
@article{Villarreal-Cervantes2009,
doi = {10.1109/ICMECH.2009.4957169},
file = {:home/alexander/Documents/ResearchProject/Literature/Structure-Control 
Mechatronic 
Design 
of 
the 
Planar 
5R 
2DoF 
Parallel 
Robot .pdf:pdf},
isbn = {9781424441952},
journal = {IEEE 2009 International Conference on Mechatronics, ICM 2009},
number = {April},
title = {{Structure-control mechatronic design of the planar 5R 2DoF parallel robot}},
year = {2009}
}
@article{Gausemeier2008,
author = {Gausemeier, J. and Znamenshchykov, O. and Oberth\"{u}r, S. and Podlogar, H.},
doi = {10.1109/ISDA.2008.239},
file = {:home/alexander/Downloads/An Approach for Achieving Self-Optimization in Mechatronic Systems Supported by Active Patterns
.pdf:pdf},
isbn = {9780769533827},
journal = {Proceedings - 8th International Conference on Intelligent Systems Design and Applications, ISDA 2008},
pages = {608--613},
title = {{An approach for achieving self-optimization in mechatronic systems supported by active patterns}},
volume = {1},
year = {2008}
}
@article{DaSilva2008,
author = {da Silva, Ma\'{\i}ra M. and Desmet, Wim and Brussel, Hendrik Van},
doi = {10.1109/TMECH.2008.2003957},
file = {:home/alexander/Downloads/Design of Mechatronic Systems With
Configuration-Dependent Dynamics$\backslash$:
Simulation and Optimization.pdf:pdf},
isbn = {1424412641},
issn = {10834435},
journal = {IEEE/ASME Transactions on Mechatronics},
keywords = {Computer-aided engineering,Machine tools,Optimization methods,Simulation,Time-varying systems},
number = {6},
pages = {638--646},
title = {{Design of mechatronic systems with configuration-dependent dynamics: Simulation and optimization}},
volume = {13},
year = {2008}
}
@article{Affi2007,
author = {Affi, Zouhaier and EL-Kribi, Badreddine and Romdhane, Lotfi},
doi = {10.1016/j.mechatronics.2007.06.003},
file = {:home/alexander/Downloads/Advanced mechatronic design using a multi-objective genetic algorithm optimization of a motor-driven four-bar system.pdf:pdf},
issn = {09574158},
journal = {Mechatronics},
keywords = {Advanced mechatronic design,Genetic algorithms,Mechanism synthesis,Multi-objective optimization},
number = {9},
pages = {489--500},
title = {{Advanced mechatronic design using a multi-objective genetic algorithm optimization of a motor-driven four-bar system}},
volume = {17},
year = {2007}
}
@article{Iwasaki2005,
author = {Iwasaki, Makoto and Miwa, Masanobu and Matsui, Nobuyuki},
doi = {10.1109/TIE.2004.841075},
file = {:home/alexander/Downloads/GA-based evolutionary identification algorithm for unknown structured mechatronic systems
.pdf:pdf},
isbn = {0278-0046},
issn = {02780046},
journal = {IEEE Transactions on Industrial Electronics},
keywords = {Genetic algorithms (GAs),Mechatronic systems,System identification,Unknown structured system},
number = {1},
pages = {300--305},
title = {{GA-based evolutionary identification algorithm for unknown structured mechatronic systems}},
volume = {52},
year = {2005}
}
@article{Guserle2005,
author = {Guserle, R. and Zaeh, M.F.},
doi = {10.1109/AIM.2005.1511127},
file = {:home/alexander/Downloads/Application of multidisciplinary simulation and optimization of mechatronic systems in the design process .pdf:pdf},
isbn = {0-7803-9047-4},
journal = {Proceedings, 2005 IEEE/ASME International Conference on Advanced Intelligent Mechatronics.},
pages = {24--28},
title = {{Application of multidisciplinary simulation and optimization of mechatronic systems in the design process}},
year = {2005}
}
@book{Boyd2004,
archivePrefix = {arXiv},
arxivId = {1111.6189v1},
author = {Boyd, Stephen SP and Vandenberghe, Lieven},
booktitle = {Optimization Methods and Software},
doi = {10.1080/10556781003625177},
eprint = {1111.6189v1},
file = {:home/alexander/Documents/ResearchProjectConvex/Literature/AlexLitterature/Convex Optimization.pdf:pdf},
isbn = {9780521833783},
issn = {10556788},
number = {3},
pages = {487--487},
pmid = {20876008},
title = {{Convex optimization}},
url = {http://books.google.com/books?hl=en\&lr=\&id=mYm0bLd3fcoC\&oi=fnd\&pg=PR11\&dq=Convex+Optimization\&ots=tc6WzCKHP3\&sig=5azqvdi0EX0id0Boq\_bYNJmB68E$\backslash$nhttp://www.informaworld.com/openurl?genre=article\&doi=10.1080/10556781003625177\&magic=crossref},
volume = {25},
year = {2004}
}
@article{Seo2003,
author = {Seo, Kisung and Fan, Zhun and Hu, Jianjun and Goodman, Erik D. and Rosenberg, Ronald C.},
doi = {10.1016/S0957-4158(03)00006-0},
file = {:home/alexander/Documents/ResearchProject/Literature/Toward a unified and automated
design methodology for multi-domain
dynamic systems using bond graphs and
genetic programming.pdf:pdf},
issn = {09574158},
journal = {Mechatronics},
keywords = {Automated design,Bond graph,Genetic programming,Multi-domain dynamic system},
number = {8-9 SPEC.},
pages = {851--885},
title = {{Toward a unified and automated design methodology for multi-domain dynamic systems using bond graphs and genetic programming}},
volume = {13},
year = {2003}
}
@book{He2005,
author = {He, Y. and McPhee, J.},
booktitle = {Vehicle System Dynamics},
doi = {10.1080/00423110500151077},
file = {:home/alexander/Documents/ResearchProjectConvex/Literature/AlexLitterature/A design methodology for mechatronic vehicles$\backslash$:
application of multidisciplinary optimization,
multibody dynamics and genetic algorithms.pdf:pdf},
isbn = {0042311050015},
issn = {0042-3114},
keywords = {Genetic algorithms,Mechatronic vehicles,Multibody dynamics,Multidisciplinary optimization},
number = {10},
pages = {697--733},
title = {{A design methodology for mechatronic vehicles: application of multidisciplinary optimization, multibody dynamics and genetic algorithms}},
url = {http://www.scopus.com/inward/record.url?eid=2-s2.0-27744456652\&partnerID=tZOtx3y1},
volume = {43},
year = {2005}
}
@article{Gamage2012,
author = {Gamage, L.B. and de Silva, C.W. and Campos, R.},
doi = {10.1016/j.mechatronics.2011.11.012},
file = {:home/alexander/Documents/ResearchProjectConvex/Literature/AlexLitterature/Design evolution of mechatronic systems through modeling, on-line monitoring,
and evolutionary optimization.pdf:pdf},
isbn = {0957-4158},
issn = {09574158},
journal = {Mechatronics},
number = {1},
pages = {83--94},
publisher = {Elsevier Ltd},
title = {{Design evolution of mechatronic systems through modeling, on-line monitoring, and evolutionary optimization}},
url = {http://dx.doi.org/10.1016/j.mechatronics.2011.11.012},
volume = {22},
year = {2012}
}
@article{Lee2011,
archivePrefix = {arXiv},
arxivId = {1010.1724},
author = {Lee, Taeyoung and Leok, Melvin and McClamroch, N. Harris},
doi = {10.1002/nme},
eprint = {1010.1724},
file = {:home/alexander/Documents/ResearchProjectConvex/Literature/AlexLitterature/Integration of structure and control using an evolutionary approach$\backslash$:
An application to the optimal concurrent design of a CVT.pdf:pdf},
isbn = {978-1-4577-0079-8},
issn = {0743-1619},
journal = {Proceedings of the 2011 American Control Conference},
keywords = {nonlinear analysis,reinforced concrete,sectional analysis},
number = {January},
pages = {1885--1891},
pmid = {260949200001},
title = {{Geometric numerical integration for complex dynamics of tethered spacecraft}},
year = {2011}
}
@article{He2005a,
author = {He, Yuping and McPhee, John},
doi = {10.1016/j.jsv.2004.04.027},
file = {:home/alexander/Documents/ResearchProjectConvex/Literature/AlexLitterature/Multidisciplinary design optimization of mechatronic vehicles with active suspensions.pdf:pdf},
isbn = {1519885121},
issn = {0022460X},
journal = {Journal of Sound and Vibration},
number = {1-2},
pages = {217--241},
title = {{Multidisciplinary design optimization of mechatronic vehicles with active suspensions}},
volume = {283},
year = {2005}
}
@article{Portilla-Flores2011,
isbn = {0952-1976},
issn = {09521976},
journal = {Engineering Applications of Artificial Intelligence},
keywords = {Concurrent design,Evolutionary algorithms,Mechatronic systems,Multi-objective optimization},
pages = {757--771},
title = {{Parametric reconfiguration improvement in non-iterative concurrent mechatronic design using an evolutionary-based approach}},
volume = {24},
year = {2011}
}
@article{VanBrussel2001,
author = {{Van Brussel}, Hendrik and Sas, Paul and N\'{e}meth, Istv\'{a}n and {De Fonseca}, Pierre and {Van Den Braembussche}, Pieter},
doi = {10.1109/3516.914395},
file = {:home/alexander/Documents/ResearchProjectConvex/Literature/AlexLitterature/Towards a Mechatronic Compiler.pdf:pdf},
isbn = {1083-4435},
issn = {10834435},
journal = {IEEE/ASME Transactions on Mechatronics},
keywords = {Conceptual design,Integrated design,Mechatronics,Model reduction,Robust control},
number = {1},
pages = {90--105},
title = {{Towards a mechatronic compiler}},
volume = {6},
year = {2001}
}

@article{Posynomial2015,

author = {Giuseppe C. Calafiore and Laurent M. {El Ghaoui} and Carlo Novaraa},
journal = {Automatica},
pages = {27--34},
title = {{Sparse Identification of Posynomial Models}},
volume = {59},
year = {2015}
}